@unpublished{prevSemesters,
  author = {Bruno Abrahao and
            Hussam Abu-Libdeh and
            Nicolas Savva and
            David Slater and
            others over the years},
  title = "Previous Cornell CS 2043 Course Slides",
}
