@unpublished{prevSemesters,
  author = {Bruno Abrahao and
            Hussam Abu-Libdeh and
            Nicolas Savva and
            David Slater and
            others over the years},
  title = "Previous Cornell CS 2043 Course Slides",
}

@online{quotes,
  author = {How-to-Geek},
  title = {What's the Difference Between Single and Double Quotes in the Bash Shell?},
  howpublished = {\url{http://www.howtogeek.com/howto/29980/whats-the-difference-between-single-and-double-quotes-in-the-bash-shell/}}
}

@online{bash-if,
  author = {TLDP},
  title = {Introduction to If},
  howpublished = {\url{http://tldp.org/LDP/Bash-Beginners-Guide/html/sect_07_01.html#sect_07_01_01}}
}