@unpublished{prevSemesters,
  author = {Bruno Abrahao and
            Hussam Abu-Libdeh and
            Nicolas Savva and
            David Slater and
            others over the years},
  title = "Previous Cornell CS 2043 Course Slides",
}

@online{top,
  author = {Ramesh Natarajan},
  title = {Can You Top This? 15 Practical Linux Top Command Examples},
  howpublished = {\url{http://www.thegeekstuff.com/2010/01/15-practical-unix-linux-top-command-examples/}}
}

@online{crontab,
  author = {Computer Hope},
  title = {Linux and UNIX crontab command help and examples},
  howpublished = {\url{http://www.computerhope.com/unix/ucrontab.htm}}
}