@unpublished{prevSemesters,
  author = {Bruno Abrahao and
            Hussam Abu-Libdeh and
            Nicolas Savva and
            David Slater and
            others over the years},
  title = "Previous Cornell CS 2043 Course Slides",
}

@online{shebang,
  author = {Wikipedia},
  title = {Shebang (Unix)},
  howpublished = {\url{https://en.wikipedia.org/wiki/Shebang_%28Unix%29}}
}

@online{vimtutorial,
  author = {Openvim},
  title = {Interactive Vim Tutorial},
  howpublished = {\url{http://www.openvim.com/tutorial.html}}
}

@online{gvim-cheat,
  author = {Symnum Systems},
  title = {Graphical vi-vim Cheat Sheet and Tutorial},
  howpublished = {\url{http://www.viemu.com/a_vi_vim_graphical_cheat_sheet_tutorial.html}}
}

@online{single-pdf,
  author = {Brendan Kidwell},
  title = {vi-vim-cheat-sheet-and-tutorial-pdf},
  howpublished = {\url{http://www.glump.net/files/2012/08/vi-vim-cheat-sheet-and-tutorial.pdf}}
}
