@unpublished{prevSemesters,
  author = {Bruno Abrahao and
            Hussam Abu-Libdeh and
            Nicolas Savva and
            David Slater and
            others over the years},
  title = "Previous Cornell CS 2043 Course Slides",
}

@online{ascii,
  author = {ASCII Table},
  title = {ASCII Character Codes and html, octal, hex, and decimal chart conversion},
  howpublished = {\url{http://www.asciitable.com/}}
}